2050 3158
128 179 270 226 xvm
303 175 382 242 18]
560 176 710 224 PRO
751 176 1038 224 ARCHIA
1085 178 1347 226 POETA.
1711 199 1767 243 η
1867 150 1894 172 ’

138 300 285 346 quam
309 284 607 332 sine-namra
628 280 1145 330 valuisse-doctrinam.
1215 285 1378 345 Atque
1401 282 1531 332 idem
1555 301 1645 348 ego
1676 287 1771 335 hoc

139 363 402 421 contendo,
428 376 542 408 cum
575 361 641 408 ad
674 369 899 408 naturam
922 359 1148 408 eximiam
1172 370 1319 422 atque
1343 360 1591 410 inlustrem
1613 379 1772 411 acces-

138 440 252 489 serit
289 439 411 487 ratio
451 439 692 501 quaedam
712 426 1151 501 ,conformatioque
1197 439 1460 499 doctrinae,
1505 449 1608 488 tum
1652 441 1771 490 illud

135 520 303 568 nescio
326 519 763 582 quid-praeclarum
787 519 1107 582 acsingulare
1129 521 1284 569 solere
1306 520 1562 570 exsistere:
1597 538 1657 570 ex
1678 523 1774 572 hoe
1796 527 1854 574 16

91 621 114 660 5
138 616 243 648 esse
292 600 420 648 hunc
458 614 664 647 numero
706 614 852 662 quern
890 609 1051 668 patres
1086 599 1241 648 nostri
1275 598 1514 659 viderunt,
1556 601 1770 658 dim'mlm

137 679 381 728 hominem
419 678 716 738 Asticanum.
744 695 804 728 ex
827 679 922 727 hoc
946 681 1012 736 ςξ..
1029 679 1264 740 Laelium,
1291 681 1345 729 L·
1374 680 1587 739 Furium,
1608 683 1773 735 mode-

135 757 399 806 ratissimos
432 757 656 806 homines
691 767 739 806 et
773 758 1229 825 continentissimos‚
1256 775 1316 808 ex
1346 759 1441 807 hoc
1463 759 1772 809 fortissimum

136 837 290 885 virum
325 846 375 885 et
407 836 500 885 illis
534 837 833 899 temporibus
865 837 1215 896 doctissimum,
1258 840 1327 887 M.
1356 825 1598 888 Catonem
1637 839 1773 888 illum

137 910 451 976 senem-dqui
475 916 707 976 profecto,
734 915 773 963 si
796 915 917 963 nihil
938 917 1002 964 ad
1026 915 1388 979 percipiendam
1422 918 1774 980 colendamque

70 1015 116 1043 to
135 995 362 1043 virtutem
379 994 547 1043 litteris
565 994 916 1054 adiuvarentur,
936 1012 1202 1059 numquam
1219 1012 1272 1045 se
1289 997 1353 1045 ad
1377 1013 1539 1045 earum
1563 997 1774 1045 studium

137 1073 466 1122 contulissent.
517 1074 665 1133 Quod
714 1073 729 1122 i
751 1091 853 1123 non
877 1075 957 1123 hic
980 1085 1143 1124 tantus
1165 1076 1346 1124 fructus
1370 1076 1704 1124 ostenderetur
1726 1084 1775 1124 et

138 1154 178 1201 si
212 1170 273 1202 ex
306 1153 380 1202 his
415 1153 586 1202 studiis
649 1154 885 1210 electatio,
899 1156 1004 1204 sola
1026 1163 1279 1217 peteretur,
1306 1164 1483 1214 tamen,
1508 1164 1561 1203 ut
1584 1155 1772 1217 opinor,

137 1234 266 1280 hanc
304 1231 454 1280 animi
486 1232 820 1281 remissionem
860 1233 1260 1282 humanissimam
1296 1250 1355 1282 ac
1394 1233 1773 1282 liberalissimam

137 1310 426 1360 iudicaretis.
519 1314 651 1360 Nam
696 1322 886 1368 ceterae
930 1329 1092 1375 neque
1137 1320 1413 1375 temporum
1458 1321 1570 1361 sunt
1612 1303 1774 1375 neque

69 1407 115 1449 ¹5
136 1400 351 1439 aetatum
390 1391 608 1440 omnium
653 1407 814 1454 neque
852 1393 1098 1443 locorum:
1149 1400 1201 1440 at
1236 1393 1382 1443 haec>
1394 1391 1556 1440 studia
1587 1384 1776 1441 adules-

137 1470 349 1520 centiam
383 1472 534 1529 alunt,
568 1480 870 1520 senectutem
906 1473 1169 1531 oblectant,
1196 1473 1435 1520 secundas
1471 1462 1547 1520 res
1582 1482 1770 1531 omant,

136 1552 350 1600 adversis
386 1552 654 1615 perfugium
700 1568 758 1600 ac
793 1551 1027 1600 solacium
1060 1553 1309 1620 praebent,
1343 1553 1589 1601 delectant
1622 1553 1771 1612 domi,

137 1647 239 1680 non
275 1631 550 1694 impediunt
588 1630 718 1689 soris,
754 1641 1044 1694 pernoctant
1083 1631 1353 1690 nobiscum,
1395 1630 1771 1694 peregrinantur,

116 1713 438 1763 rusticamur.
1587 1706 1602 1726 ‘
1634 1736 1637 1742 v

65 1815 118 1843 20
235 1796 384 1843 VIII,
456 1795 607 1856 Quod
630 1793 670 1843 si
694 1793 786 1856 ipsi
821 1794 943 1851 haec
978 1808 1139 1855 neque
1175 1791 1410 1855 attingere
1435 1807 1594 1854 neque
1628 1807 1772 1840 sensu
1800 1794 1858 1844 17

135 1883 303 1924 nostro
324 1882 517 1938 gustare
539 1890 806 1937 possemuS‚
833 1884 996 1922 tamen
1030 1889 1089 1922 ea
1120 1871 1278 1920 mirari
1301 1873 1601 1929 deberemus,
1626 1871 1773 1920 etiam

136 1969 250 2001 curn
285 1947 341 2001 'in
373 1953 479 2002 aliis
512 1952 799 2002 videremus.
872 1951 994 2014 Quis
1027 1961 1246 2000 nostrum
1280 1960 1379 1999 tam
1409 1950 1575 1999 animo
1598 1950 1773 2013 agresti

133 2048 193 2080 ac
226 2033 348 2080 duro
382 2033 486 2090 fuit,
508 2041 564 2081 ut
586 2031 740 2081 Rosci
761 2041 916 2080 morte
938 2047 1093 2093 nuper
1113 2046 1215 2078 non
1239 2032 1657 2079 commoveretur?
1689 2029 1773 2092 qui
1869 2085 1878 2096 s

71 2165 84 2175 ⁴
134 2127 247 2163 cum
281 2119 408 2159 esset
431 2127 581 2162 senex
602 2119 832 2170 mortuus,
858 2119 1022 2172 tamen
1044 2118 1240 2172 propter
1272 2109 1588 2159 excellentem
1621 2116 1774 2156 artem
1848 2112 1897 2179 ξ’),

30 2250 33 2251 ⁷
66 2207 115 2247 ²5
135 2209 193 2241 ac
215 2201 519 2241 venustatem
541 2191 813 2240 videbatur
832 2189 1032 2239 omnino
1065 2189 1186 2254 mori
1209 2204 1310 2237 non
1333 2189 1572 2238 debuisse.
1643 2190 1773 2251 Ergo
1878 2191 1885 2198 ’

133 2272 216 2322 ille
255 2271 470 2335 corporis
503 2281 642 2323 motu
676 2261 887 2327 tantum„
902 2286 1118 2319 amorem
1153 2268 1244 2318 sibi
1277 2268 1557 2318 conciliarat
1577 2284 1609 2317 a
1628 2269 1772 2317 nobis

134 2353 392 2406 omnibus:
438 2369 530 2402 nos
563 2352 835 2401 animorum
868 2350 1186 2419 incredibilis·
1197 2359 1361 2399 motus
1384 2350 1773 2412 celeritatemque

132 2433 437 2496 ingeniorum
460 2434 775 2496 neglegemus
789 2436 813 2483 Ρ
870 2433 1110 2495 Quotiens
1134 2448 1226 2496 ego
1249 2431 1634 2489 huneArchiam
1656 2432 1768 2490 vidi,
1796 2432 1857 2480 18

131 2510 332 2572 iudices,
366 2522 476 2581 utar
514 2512 644 2561 enim
675 2515 854 2561 vestra*
867 2511 1180 2575 benignitate,
1214 2511 1447 2574 quoniam
1480 2527 1560 2570 me
1593 2510 1644 2558 in
1676 2511 1772 2559 hoc

64 2605 117 2645 30
134 2609 265 2643 novo
298 2610 476 2657 genere
510 2593 707 2642 dicendi
741 2603 841 2642 tam
871 2593 1126 2656 diligenter
1145 2592 1408 2653 attenditis,
1434 2591 1656 2655 quotiens
1680 2606 1772 2653 ego

134 2674 266 2723 hunc
293 2674 409 2733 vidi,
433 2690 546 2723 cum
578 2673 786 2723 litteram
820 2673 1088 2736 scripsisset
1121 2674 1319 2732 nullam,
1343 2686 1772 2734 magnumnume-

133 2769 241 2801 rum
274 2754 570 2817 optimorum
592 2771 818 2804 versuum
857 2756 919 2803 de
943 2754 1014 2803 eis
1047 2753 1166 2818 ipsis
1198 2755 1358 2813 rebus,
1383 2769 1507 2815 quae
1531 2762 1632 2800 tum
1662 2767 1783 2814 389²

134 2839 320 2914 “32¹2
335 2832 496 2883 dicere
519 2850 580 2883 ex
600 2842 822 2898 tempore
841 2836 855 2882 1
876 2833 1116 2897 Quotiens
1137 2842 1416 2882 revocatum
1440 2830 1647 2880 eandem
1666 2845 1769 2880 rem
1826 2875 1828 2877 .

1828 1914 1880 1989 lt(

1841 1992 1875 2036 ις

0 3058 92 3158 f,
