2050 3158
228 126 289 171 32
653 111 805 160 PRO
846 111 1136 159 ARCHIA
1183 110 1444 159 POETA.
1525 107 1649 175 [XII
1675 125 1868 172 30-32

225 218 326 265 lum
363 226 512 280 atque
557 217 770 267 otiosum
815 217 1037 281 spiritum
1082 217 1377 277 duxerimus,
1425 216 1713 265 nobiscum·
1730 216 1872 267 simul

224 297 456 347 moritura
494 298 660 347 omnia
693 297 1014 347 arbitremur?
1069 300 1151 346 An
1186 306 1367 346 statuas
1403 307 1452 346 et
1485 297 1733 359 imagines,
1771 314 1872 346 non

225 378 497 428 animorum
533 379 801 438 simulacra,
838 379 926 427 sed
961 394 1236 441 corporum,
1273 377 1489 427 studiose
1523 377 1664 426 multi
1698 377 1873 426 summi

224 459 450 509 homines
489 459 819 522 reliquerunt:
870 458 1184 508 consiliorum
1229 459 1501 521 relinquere
1540 475 1599 506 ac
1643 457 1871 507 virtutum

224 550 498 590 nostrarum
544 540 753 602 effigiem
792 555 960 588 nonne
1000 541 1154 588 multo
1194 541 1341 589 malle
1377 541 1628 599 debemus,
1671 538 1874 588 summis
1921 554 1943 589 5

225 619 432 683 ingeniis
474 635 751 681 expressam
788 628 838 668 et
881 619 1121 681 politam?
1211 621 1318 682 Ego
1362 635 1478 668 vero
1524 618 1702 678 omnia,
1750 634 1875 681 quae

225 702 469 764 gerebam,
496 700 594 748 iam
629 709 733 749 tum
767 698 819 747 in
852 700 1069 762 gerendo
1104 715 1327 762 spargere
1360 716 1440 748 me
1474 716 1534 748 ac
1561 698 1875 748 disseminare

226 779 492 828 arbitrabar
528 779 580 827 in
619 779 751 828 orbis
790 786 944 826 terrae
983 779 1287 827 memoriam··
1303 777 1659 840 sempiternam.
1732 779 1876 825 Haec

225 872 341 905 vero
377 857 478 907 sive
516 874 546 906 a
581 874 694 906 meo
734 873 879 906 sensu
914 866 1029 919 post
1067 866 1273 906 mortem
1315 858 1504 906 afutura
1543 866 1629 916 est,
1672 856 1785 916 sive,
1822 866 1876 904 ut

227 937 832 1000 sapientissimivhomines
866 946 1169 1000 putaverunt,
1206 938 1270 985 ad
1306 936 1532 999 aliquam·
1555 936 1875 999 mei-partem
1903 955 1948 983 ιο

224 1017 499 1079 pertinebit,
523 1034 656 1066 nunc
697 1017 895 1080 quidem
935 1026 1066 1066 certe
1104 1016 1401 1081 cogitatione
1438 1017 1651 1079 quadam
1691 1032 1875 1079 speque

226 1098 457 1147 delector.

141 1180 202 1228 31
327 1179 490 1239 Quare
531 1187 831 1239 conservate,
874 1177 1074 1238 iudices,
1113 1178 1366 1227 hominem
1402 1178 1590 1241 pudore
1627 1194 1702 1237 eo,
1729 1194 1873 1240 quem

223 1255 491 1305 amicorum
536 1256 711 1306 videtis
757 1257 1067 1320 comprobari
1112 1274 1227 1305 cum
1273 1257 1509 1320 dignitate
1566 1267 1670 1307 tum
1728 1257 1875 1306 etiam

222 1343 475 1395 vetustate,
511 1335 710 1398 ingenio
744 1345 908 1385 autem
942 1345 1096 1394 tanto,
1122 1344 1359 1399 quantum
1390 1336 1442 1385 id
1465 1336 1694 1385 convenit
1718 1336 1874 1385 existi·
1901 1355 1946 1393 15

223 1413 357 1474 mari,
398 1416 535 1478 quod
575 1432 876 1464 summorum
923 1415 1178 1464 hominurn
1217 1416 1424 1480 ingeniis
1466 1416 1733 1480 expetitum
1768 1433 1874 1465 esse

220 1490 442 1553 videatis,
462 1509 636 1541 caussa
652 1509 769 1541 vero
789 1492 892 1540 eius
912 1495 1063 1551 modi,
1083 1509 1210 1556 quae
1227 1492 1469 1542 beneficio
1491 1492 1621 1554 legis
1668 1495 1873 1543 auctori-

219 1578 319 1617 tate
355 1560 603 1633 municipi,
641 1569 925 1619 testimonio
961 1569 1167 1630 Luculli,
1203 1569 1382 1618 tabulis
1419 1570 1608 1619 Metelli
1653 1587 1874 1634 compro·

219 1650 374 1698 betur.
447 1650 590 1711 Quae
614 1666 727 1698 cum
749 1650 818 1698 ita
842 1649 952 1708 sint,
977 1649 1192 1712 petimus
1226 1665 1257 1697 a
1277 1649 1432 1710 vobis,
1457 1650 1656 1711 iudices,
1682 1651 1722 1700 si
1746 1669 1873 1714 quae

220 1746 323 1778 non
362 1731 512 1779 modo
548 1731 776 1790 humana,
813 1747 982 1779 verum
1016 1729 1162 1778 etiam
1199 1729 1364 1778 divina
1402 1730 1453 1778 in
1488 1731 1634 1779 tantis
1667 1731 1872 1794 ingeniis
1917 1751 1944 1779 ο

221 1809 585 1858 commendatio
610 1811 759 1859 debet
793 1826 913 1870 esse,
939 1819 995 1858 ut
1029 1826 1156 1869 eum,
1194 1809 1279 1872 qui
1311 1826 1415 1869 vos,
1453 1810 1533 1873 qui
1569 1820 1755 1861 vestros
1789 1751 1991 1864 itu-‘⁶

221 1898 484 1951 peratores,
511 1890 594 1953 qui
627 1891 798 1954 populi
822 1891 1037 1939 Romani
1060 1907 1136 1939 res
1159 1899 1321 1953 gestas
1346 1907 1539 1953 semper
1562 1892 1764 1952 ornavit,
1789 1892 1875 1955 qui

224 1967 371 2016 etiam
406 1969 481 2029 his
517 1971 795 2035 recentibus
828 1970 1007 2019 nostris
1029 1969 1301 2031 vestrisque
1336 1969 1618 2018 domesticis
1647 1970 1872 2033 periculis

221 2055 473 2096 aeternum
514 2066 566 2098 se
599 2050 935 2099 testimonium
975 2049 1133 2097 laudis
1180 2050 1420 2107 daturum,
1454 2066 1560 2098 esse
1605 2053 1870 2113 profitetur,

222 2136 395 2190 estque
434 2144 494 2177 ex
530 2145 589 2177 eo
623 2146 840 2189 numero,
867 2128 952 2192 qui
986 2143 1180 2190 semper
1212 2128 1344 2189 apud
1381 2128 1542 2176 omnis
1572 2128 1727 2178 sancti
1759 2138 1872 2177 sunt
1894 2147 1941 2184 25

221 2205 377 2254 habiti
399 2206 563 2270 itaque
587 2208 719 2268 dicti,
746 2209 815 2257 sic
837 2208 889 2256 in
911 2217 1120 2257 vestram
1143 2207 1393 2271 accipiatis
1428 2209 1593 2266 fidem,
1617 2217 1672 2256 ut
1705 2208 1873 2255 huma-

221 2287 570 2337 nitatevestra
605 2289 791 2337 levatus
827 2288 992 2352 potius
1029 2304 1178 2350 quarn
1216 2288 1483 2336 acerbitate
1519 2288 1727 2336 violatus
1765 2304 1871 2336 esse

138 2362 200 2411 32
221 2362 456 2412 videatur.
549 2362 692 2423 Quae
723 2364 788 2412 de
819 2380 992 2413 caussa
1021 2381 1262 2427 pro-mea
1283 2366 1638 2414 consuetudine
1661 2366 1871 2418 breviter

224 2437 601 2502 simpliciterque
643 2439 756 2499 dixi,
781 2440 982 2499 iudices,
1009 2457 1068 2489 ea
1107 2441 1304 2489 confido
1339 2442 1547 2503 probata
1581 2457 1686 2489 esse
1722 2443 1874 2490 omni-

223 2518 345 2567 bus:
380 2534 506 2581 quae
529 2520 628 2568 fere
651 2535 681 2566 a
702 2535 814 2567 mea
835 2519 1149 2582 iudicialique
1172 2521 1527 2568 consuetudine
1551 2529 1599 2569 et
1623 2521 1684 2588 de
1719 2522 1871 2570 homi·
1897 2539 1946 2578 30

222 2594 299 2643 nis
332 2594 530 2663 ingepio
564 2605 614 2645 et
640 2597 966 2646 communiter
988 2599 1052 2647 de
1074 2597 1226 2661 ipsius
1250 2598 1412 2647 studio
1435 2599 1626 2646 locutus
1649 2614 1772 2660 sum,
1797 2617 1867 2661 ea,

222 2671 426 2733 iudiceS,
451 2690 482 2722 a
509 2673 649 2723 vobis
683 2690 824 2738 spero
849 2691 955 2724 esse
978 2674 1029 2722 in
1051 2676 1235 2724 bonam
1257 2684 1447 2739 partem
1470 2684 1687 2739 accepta,
1713 2679 1775 2727 ab
1811 2694 1871 2729 eo

224 2754 309 2819 qui
331 2753 567 2810 iudicium
590 2763 782 2805 exercet
804 2749 939 2805 certo
961 2751 1077 2805 scio.
