1974 3152
639 7 750 27 Vp.-

545 48 582 93 (
745 46 791 95 ,μ

136 154 211 200 1v
235 153 284 218 8]
554 104 715 200 Ρῖο
754 123 1042 200 ARCHIA
1089 153 1348 201 POETA.
1716 171 1776 218 23

133 257 271 305 litani
302 258 496 306 civitate
527 257 797 320 ceterisque
833 258 1058 320 praemiis
1096 259 1352 315 donarunt,
1393 266 1442 306 et
1477 272 1663 318 omnes,
1691 260 1779 321 qui

134 337 319 399 aliquid
343 339 404 386 de
427 337 633 399 ingeniis
660 347 887 399 poterant
914 337 1148 396 iudicare,
1173 336 1453 398 cognitione
1487 345 1632 399 atque
1666 338 1776 386 hos-

134 417 255 478 pitio
291 417 492 481 dignum
538 417 880 466 existimarunt.
955 420 1270 465 Hac-tanta·
1294 415 1575 464 celebritate
1618 418 1776 466 famae

135 507 247 538 cum
278 501 405 540 esset
437 492 536 539 iam
559 491 854 558 wihus
882 502 1043 550 notus,
1072 494 1285 539 Romam
1320 490 1455 538 venit
1479 489 1640 539 Mario
1664 507 1778 539 con-

87 590 108 628 5
135 570 238 618 sule
271 578 320 618 et
356 571 546 619 Catulo.
618 571 808 618 Nactus
846 579 919 618 est
946 570 1155 633 primum
1187 570 1411 617 consules
1440 584 1539 627 eos,
1567 560 1776 631 quorum

133 650 254 697 alter
297 665 373 708 res
419 666 449 698 a
530 649 844 698 scribendum
877 663 1144 708 maxumaS,
1180 650 1302 696 alter
1337 638 1450 696 cum
1489 664 1565 697 res
1599 658 1838 711 gestasfs

132 732 236 774 tum
270 727 419 775 etiarn
458 727 673 784 studium
708 737 856 789 atque
902 727 1030 775 auris
1068 727 1301 776 adhibere
1340 734 1521 788 posset.
1605 727 1776 776 Statim

133 807 336 867 Luculli,
375 823 488 856 cum
531 817 857 875 praetextatus
896 808 1044 856 etiarn
1088 816 1193 856 tum
1237 806 1442 867 Archias
1480 815 1620 867 esset,
1662 824 1774 865 eum

133 890 334 938 domum
362 897 498 956 suam
525 898 824 950 receperunt.
895 889 991 938 Sed
1010 888 1162 940 ‚etiam
1185 889 1281 936 hoc
1304 904 1404 936 non
1428 889 1588 937 solum
1611 888 1775 951 ingeni

64 989 110 1017 10
133 983 191 1015 ac
208 967 487 1027 litterarum,
506 983 674 1015 verum
693 967 840 1015 etiam
858 976 1058 1016 naturae
1076 977 1222 1029 atque
1238 966 1425 1015 virtutis
1443 975 1530 1027 est,
1551 968 1769 1028 domum,
1780 980 1840 1003 s

134 1062 258 1109 quae
303 1046 448 1094 huius
484 1045 865 1095 adulescentiae>
884 1045 1041 1108 prima
1074 1045 1224 1106 affuit,
1264 1046 1471 1094 eandem
1499 1061 1605 1094 esse
1638 1047 1772 1094 fami-

132 1125 435 1175 liarissimam
472 1126 722 1175 senectuti.
795 1129 912 1175 Erat
955 1126 1256 1189 temporibus
1301 1126 1394 1174 illis
1430 1126 1668 1188 iucundus
1710 1130 1768 1190 Q.
1798 1139 1825 1184 6

134 1209 340 1258 Metello
379 1208 453 1257 illi.
493 1209 760 1258 Numidico
800 1219 848 1258 et
884 1209 989 1258 eius
1035 1210 1124 1258 Pio
1159 1210 1272 1270 filio,
1311 1209 1599 1263 audiebatur
1632 1226 1663 1258 a
1700 1213 1770 1258 M.

132 1289 359 1347 Aemilio,
379 1290 574 1338 vivebat
596 1306 709 1338 curn
735 1291 793 1350 Q.
823 1291 1000 1339 Catulo
1025 1299 1074 1338 et
1095 1298 1232 1353 patre
1255 1298 1304 1350 et
1325 1290 1438 1349 filio,
1459 1306 1489 1337 a
1511 1291 1565 1338 L.
1596 1291 1773 1339 Crasso

47 1385 106 1424 -15
133 1370 413 1418 colebatur:
460 1371 691 1418 Lucullos
726 1385 843 1418 vero
879 1379 928 1418 et
966 1371 1267 1423 Drusumet
1313 1368 1545 1419 Octavios
1592 1356 1641 1419 et
1679 1372 1770 1420 Ca·

134 1457 302 1496 tonem
350 1457 397 1497 et
442 1458 596 1498 totam
626 1449 1060 1498 ‘Hortensiorum·
1085 1449 1288 1497 domum
1333 1448 1614 1497 devinctam
1659 1465 1774 1498 con-

131 1527 391 1576 suetudine
424 1543 537 1576 cum
582 1538 783 1588 teneret,
820 1528 1122 1577 afficiebatur
1164 1543 1355 1576 summo
1399 1528 1599 1587 honore,
1636 1530 1803 1591 quod·

118 1621 244 1653 -eum
266 1621 369 1654 non
392 1608 549 1655 solum
572 1609 814 1665 colebant,
841 1607 924 1669 qui
947 1607 1131 1677 aliguid
1145 1607 1773 1674 percipere-atque3audire

208 1686 405 1744 debant,
429 1686 768 1757 verumetiam
793 1687 833 1735 si
857 1686 941 1750 qui
963 1688 1087 1735 forte
1110 1686 1481 1766 simulabant-3(

56 1787 108 1814 ἰο
172 1702 184 1841 ἰ
229 1761 317 1815 IV.
389 1767 593 1816 Interim
626 1767 1217 1829 satis-longointervallo,
1243 1783 1356 1815 cum
1391 1775 1518 1815 esset
1548 1782 1661 1814 cum
1696 1769 1767 1817 M.

129 1846 336 1893 Lucullo
368 1844 420 1893 in
453 1845 664 1894 Siciliam
697 1847 942 1909 profectus
969 1854 1019 1894 et
1055 1861 1167 1894 cum
1194 1862 1256 1894 ex
1286 1862 1344 1894 ea
1375 1845 1628 1908 provincia
1659 1862 1771 1894 curn

63 1913 74 1922 ⁸
127 1924 304 1973 eodem
351 1926 559 1977 Lucullo
603 1914 877 1986 decederet,
923 1926 1057 1974 venit
1103 1925 1431 1991 Heracliam„
1476 1926 1615 1987 Quae
1660 1941 1772 1973 cum

128 2014 256 2053 esset
278 2004 446 2054 civitas
474 2005 1230 2069 aequissimo-imeae·foedere,
1257 2004 1467 2054 adscribi
1497 2021 1551 2054 se
1580 2004 1632 2053 in
1662 2021 1771 2053 eam

58 2073 72 2088 ‘
121 2084 372 2143 ,civitatem
406 2086 561 2135 voluit
595 2087 759 2149 idque,
797 2103 910 2135 curn
949 2087 1074 2150 ipse·
1093 2103 1267 2150 per-se
1293 2087 1475 2149 *dignus
1508 2094 1769 2149 putaretur,

52 2181 104 2221 ⁴³5
128 2172 246 2212 turn¹
265 2158 556 2215 auctoritate*
586 2175 636 2215 et
668 2166 822 2229 gratia
855 2166 1048 2215 Luculli
1081 2168 1144 2216 ab
1192 2165 1590 2215 Heracliensibus
1623 2165 1773 2229 impe-

126 2243 282 2293 travit.
370 2246 504 2293 Data
538 2254 612 2294 est
650 2246 819 2315 cigitas
859 2245 1040 2295 Silvani
1079 2247 1187 2308 lege
1223 2254 1272 2295 et
1314 2244 1567 2304 CarboniS,
1605 2244 1647 2293 si
1687 2244 1770 2307 qui
1792 2254 1820 2301 7

67 2316 78 2326 ”
124 2323 406 2372 foederatis·
430 2324 705 2375 civitatibus
751 2325 982 2388 adscripti
1018 2325 1236 2385 fuissent,
1283 2323 1325 2374 si
1369 2333 1486 2383 tum,
1535 2340 1647 2371 cum
1692 2324 1772 2371 lex

126 2400 383 2463 ferebatur,
420 2402 473 2453 in
513 2405 657 2453 Italia
691 2405 992 2454 domicilium
1037 2406 1320 2455 habuissent
1353 2410 1423 2454 et·
1448 2405 1489 2453 si
1523 2403 1772 2466 sexaginta

127 2480 312 2551 diebus⁶
340 2484 473 2546 apud
516 2493 793 2547 praetorem
837 2494 1002 2534 essent
1037 2484 1254 2549 professi.
1326 2486 1454 2535 Cum
1498 2483 1578 2532 hic
1618 2481 1772 2532 domi-

58 2583 110 2623 30
128 2560 293 2611 cilium
338 2564 530 2613 Romae
575 2566 755 2614 multos
801 2565 898 2614 iarn
942 2582 1099 2615 annos
1146 2567 1360 2632 haberet,
1406 2565 1649 2628 professus
1696 2572 1771 2612 est

126 2642 259 2703 apud
290 2639 565 2705 praetorem
605 2646 666 2707 Q.
718 2648 990 2707 Metellum,
1028 2645 1451 2695 famiharissimum
1496 2659 1649 2692 suum.
1721 2643 1770 2692 Si
1791 2651 1822 2697 8

128 2719 423 2789 nihil-aliud.
444 2724 538 2772 nisi
569 2725 633 2774 de
655 2724 851 2774 civitate
884 2741 944 2773 ac
975 2727 1084 2788 lege
1118 2724 1341 2784 dicimuS,
1376 2722 1495 2772 nihil
1523 2721 1636 2771 dico
1670 2737 1767 2770 am·

129 2799 285 2863 plius;
307 2816 482 2850 caussa
500 2802 634 2852 dicta
655 2814 741 2863 est.
766 2855 770 2859 ,
813 2805 947 2867 Quid
978 2805 1109 2854 enim
1140 2806 1317 2859 horum
1348 2802 1592 2864 infirmari,
1617 2801 1769 2861 Grati,
