2050 3158
263 141 320 186 26
675 141 832 189 PRO
875 141 1161 188 ARCHIA
1208 140 1466 189 POETA.
1704 138 1804 207 [VI
1833 156 1890 202 13

259 246 525 306 obeundas,
568 247 803 308 quantum
843 247 904 295 ad
951 248 1099 296 festos
1146 246 1249 295 dies
1289 247 1514 295 ludorum
1559 247 1890 308 celebrandos,

260 335 497 388 quantum
531 327 596 374 ad
630 326 748 374 alias
781 328 1054 389 voluptates
1090 335 1137 375 et
1172 327 1234 374 ad
1258 326 1409 388 ipsam
1435 325 1651 389 requiem
1674 325 1822 375 animi
1843 335 1894 376 et

259 404 473 467 corporis
509 405 793 471 conceditur
825 414 1113 467 temporum,
1146 413 1382 467 quantum
1417 405 1498 471 alji
1529 405 1743 453 tribuunt
1777 414 1894 454 tem-

259 484 455 547 pestivis
491 484 736 544 conviviis,
762 494 999 547 quantum
1029 484 1239 547 denique
1261 486 1465 544 alveolo,
1491 494 1725 547 quantum
1748 483 1889 547 pilae,

176 566 179 569 ’
261 573 449 613 tantum
484 564 603 611 mihi
638 573 830 626 egomet
863 565 926 612 ad
960 565 1082 612 haec
1115 564 1276 612 studia
1308 566 1568 613 recolenda
1606 566 1894 627 sumpsero?
1917 573 1940 611 5

160 664 223 683 f-
260 639 424 705 ‘Atque
469 645 594 692 adeo
630 643 748 711 mihi
794 645 1166 692 concedendum
1212 654 1285 693 est
1329 645 1495 708 magis,
1538 645 1670 707 quod
1716 662 1775 694 ex
1817 645 1894 694 his

261 724 430 773 studiis
464 725 586 786 haec
619 740 814 786 quoque
848 723 1019 772 crescit
1042 726 1194 782 oratio
1219 734 1267 773 et
1290 726 1504 782 facultas,
1530 741 1669 787 quae,
1695 734 1895 788 quanta-

261 821 470 868 cumque
507 805 556 853 in
597 822 676 854 me
715 815 801 864 est,
844 821 1110 867 numquam
1147 805 1413 853 amicorum
1458 804 1680 866 periculis
1725 806 1889 854 defuit.

263 887 401 946 Quae
436 885 475 933 si
511 885 587 932 cui
622 884 772 934 levior
804 885 1004 942 videtur,
1038 885 1120 932 illa
1153 885 1350 947 quidem
1386 894 1515 933 certe
1550 901 1676 947 quae
1707 901 1896 933 summa

178 965 238 1011 14
261 973 385 1023 sunt,
430 981 487 1013 ex
523 980 647 1029 quo
658 966 792 1012 fonte
829 963 1045 1011 hauriam
1082 957 1253 1012 sentio.
1336 966 1467 1011 Nam
1502 963 1596 1011 nisi
1630 964 1894 1012 multorum
1922 972 1969 1000 ¹0

258 1043 527 1105 praeceptis
561 1043 822 1106 multisque
852 1043 1019 1092 litteris
1042 1026 1176 1092 mihi
1183 1045 1262 1092 ab
1269 1043 1597 1092 adulescentia
1620 1039 1892 1109 ἒέαείεεεῐϊι,

258 1123 377 1171 nihil
415 1140 520 1172 esse
560 1123 610 1171 in
639 1123 739 1172 vita
777 1140 956 1186 magno
994 1140 1140 1186 opere
1187 1125 1516 1187 expetendum
1561 1124 1652 1173 nisi
1696 1125 1894 1173 laudem

258 1211 402 1264 atque
426 1204 746 1262 honestatem,
771 1202 822 1250 in
845 1219 902 1267 ea
926 1212 1088 1251 autem
1111 1204 1448 1266 persequenda
1471 1203 1644 1252 omnis·
1659 1203 1896 1253 cruciatus

258 1281 485 1344 corporis,
533 1282 697 1330 omnia
751 1284 966 1344 pericula
1009 1282 1176 1331 mortis
1222 1291 1368 1345 atque
1417 1282 1552 1332 exsili
1597 1282 1757 1345 parvi·
1789 1298 1911 1331 esse·

259 1362 497 1419 ducenda,
538 1352 806 1422 numquam
843 1378 920 1410 me
956 1378 1046 1424 pro
1083 1363 1238 1410 salute
1274 1355 1434 1411 vestra
1467 1362 1518 1410 in
1551 1371 1626 1410 tot
1656 1378 1715 1410 ae
1736 1370 1894 1410 tantas
1920 1373 1965 1410 15

261 1441 594 1490 dimicationes
624 1451 772 1504 atque
806 1442 856 1490 in
877 1444 981 1506 xhos
1015 1444 1377 1506 profligatorum
1399 1443 1653 1493 hominum
1676 1442 1896 1506 cottidia-

260 1539 350 1571 nos
385 1522 593 1589 impetus
624 1523 927 1571 obiecissem.
958 1510 1083 1587 (Sed
1107 1522 1240 1585 pleni
1259 1539 1429 1581 omnes
1449 1532 1560 1572 sunt
1576 1522 1699 1582 libri,
1718 1524 1894 1585 plenae

258 1599 546 1662 sapientium
563 1616 723 1658 voces,
743 1603 888 1665 plena
908 1588 1240 1663 exemplorum
1259 1609 1473 1650 vetustas
1493 1620 1509 1656 t„
1538 1617 1662 1665 quae
1684 1600 1897 1649 iacerent

164 1672 181 1747 ‘V
258 1678 308 1725 in
342 1680 550 1727 tenebris
585 1679 762 1742 omnia,
788 1679 881 1727 nisi
914 1679 1179 1728 litterarum
1201 1682 1367 1739 lumen
1392 1680 1658 1728 accederet.
1734 1679 1897 1739 Quam

257 1760 432 1806 multas
477 1758 620 1807 nobis
665 1759 897 1822 imagines
936 1776 1038 1807 non
1076 1761 1235 1808 solum
1280 1761 1344 1808 ad
1388 1760 1689 1818 intuendum,
1729 1775 1895 1807 verum
1918 1772 1969 1800 20

258 1837 489 1886 etiam'ad
519 1837 806 1887 imitandum
840 1838 1210 1887 fortissimorum
1230 1839 1440 1888 -virorum
1474 1854 1723 1901 expressas
1755 1838 1899 1901 scrip-

260 1926 387 1965 tores
422 1925 471 1965 et
506 1917 677 1966 Graeci
709 1926 758 1966 et
782 1918 945 1966 Latini
967 1919 1278 1980 reliquerunt,
1304 1935 1424 1982 quas
1449 1934 1540 1988 ego
1563 1917 1683 1966 mihi
1706 1933 1898 1980 semper

258 1995 309 2043 in
344 1996 726 2045 administranda
758 2014 809 2046 re
843 1997 1039 2060 publica
1065 2014 1345 2061 proponens
1368 1999 1584 2046 animum
1609 2006 1658 2046 et
1679 2005 1895 2045 mentem

258 2090 420 2123 meam
456 2076 562 2138 ipsa
602 2075 895 2138 cogitatione
939 2076 1195 2126 hominum
1241 2076 1582 2126 excellentium
1627 2078 1895 2125 conforma-

260 2157 388 2203 bam.
1241 2213 1244 2216 ,
1913 2170 1961 2211 25

173 2247 232 2295 15
356 2237 476 2284 VII.
549 2236 763 2296 Quaeret
799 2235 1038 2299 quispiam
1057 2256 1078 2286 ς.
1118 2235 1273 2299 quid?
1311 2236 1386 2284 Illi
1431 2235 1525 2299 ipsi
1570 2235 1745 2284 summi
1788 2235 1890 2295 viri,

257 2330 461 2377 quorum
483 2315 682 2362 virtutes
716 2315 884 2363 litteris
908 2315 1129 2377 proditae
1154 2324 1279 2373 sunt,
1306 2315 1461 2363 istane
1485 2314 1718 2375 doctrina,
1744 2330 1892 2377 quam

254 2402 307 2442 tu
332 2395 468 2443 effers
491 2394 730 2453 laudibus,
758 2394 931 2443 eruditi
954 2397 1147 2445 fuerunt
1163 2396 1186 2442 Ρ
1253 2393 1463 2442 Difficile
1488 2403 1560 2442 est
1581 2394 1678 2441 hoc
1700 2395 1761 2442 de
1792 2410 1894 2442 om-

244 2473 401 2522 -nibus
436 2474 731 2532 confirmare,
758 2475 844 2522 sed
878 2482 1044 2521 tamen
1076 2481 1151 2522 est
1184 2481 1368 2521 certum
1403 2472 1523 2535 quid
1553 2475 1888 2535 respondeam.

259 2554 367 2615 Ego
406 2553 583 2600 multos
617 2552 840 2600 homines
875 2551 1130 2600 excellenti
1153 2551 1317 2600 animo
1341 2568 1400 2599 ac
1420 2552 1596 2600 virtute
1618 2551 1764 2601 fuisse
1787 2547 1892 2603 sine
1912 2567 1964 2606 30

258 2632 490 2692 doctrina„
517 2641 565 2681 et
597 2629 980 2694 naturaessipsius
1014 2632 1552 2695 habituaepropedivino
1575 2649 1670 2695 per·
1684 2633 1891 2697 seipsos

256 2719 305 2760 et
327 2713 603 2760 moderatos
626 2720 676 2760 et
696 2711 851 2774 gravis
875 2703 1114 2760 exstitisse
1135 2713 1290 2760 fateor
1303 2731 1317 2774 3
1351 2711 1498 2760 etiam
1521 2711 1639 2760 illud
1663 2713 1888 2776 adiungo,

253 2791 444 2854 saepius
484 2793 549 2841 ad
583 2793 776 2841 laudem
814 2800 962 2854 atque
998 2791 1226 2840 virtutem
1264 2800 1485 2840 naturam
1521 2792 1624 2840 sine
1669 2791 1892 2842 doctrina
