2050 3158
148 145 222 192 v1
253 141 333 210 13]
569 144 721 193 PRO
764 144 1054 194 ARCHIA
1100 144 1365 195 POETA.
1732 159 1790 209 25

146 250 369 313 praedito
413 247 566 312 gloria
608 249 836 299 noluisse.
924 251 1058 312 Quid
1076 253 1100 300 Ρ
1133 249 1261 299 Cum
1301 248 1449 301 ceteri
1494 266 1597 300 non
1641 251 1794 299 modo

146 339 260 393 post
292 329 538 380 civitatem
570 331 749 390 datam,
775 332 863 380 sed
898 331 1045 380 etiam
1073 339 1186 394 post
1211 332 1370 395 legem
1402 329 1605 392 Papiam
1627 329 1793 393 aliquo

146 411 299 460 modo
334 410 386 459 in
419 426 588 460 eorum
620 410 997 473 municipiorum
1027 412 1219 460 tabulas
1251 409 1551 474 inrepserint,
1584 408 1676 470 hic,
1708 409 1792 472 qui

146 505 210 538 ne
242 488 392 538 utitur
421 489 623 551 quidem
653 489 762 538 illis-
781 490 1043 553 inquibus
1075 499 1149 539 est
1177 489 1395 553 scriptuS‚
1432 489 1568 551 quod
1602 504 1794 551 semper

103 580 125 619 5
148 585 201 618 se
251 569 621 618 Heracliensem
667 585 774 618 esse
819 569 986 628 voluit,
1037 569 1273 618 cicietur?
1355 569 1548 627 Census
1564 574 1790 617 *nostros
1815 571 1872 619 11

155 646 370 711 requiris.
444 645 639 696 Scilicet
657 663 671 704 ;
702 652 778 693 est
795 659 928 693 emm
946 645 1211 691 Obscurum
1227 640 1480 705 proxumis
1498 639 1783 689 censoribus

146 727 276 774 hunc
299 740 411 773 cum
435 722 1011 784 clarissimo-imperatore
1032 723 1095 769 ·L.
1132 721 1337 769 Lucullo
1359 719 1494 782 apud
1528 718 1793 768 exercitum

145 788 306 864 fuisse,
349 802 676 866 superioribus
713 818 827 850 cum
864 802 1041 850 eodem
1081 809 1339 863 quaestore
1377 798 1523 847 fuisse
1562 798 1614 846 in
1657 797 1790 857 Asia,

145 885 326 948 primis,
352 883 480 932 Iulio
511 891 560 932 et
596 884 788 940 Crasso,
814 883 1000 939 nullam
1030 881 1201 944 populi
1231 889 1420 944 partem
1449 896 1555 929 esse
1579 895 1789 941 censam.

80 980 126 1009 πο
145 966 242 1014 Sed
279 963 512 1028 quoniam
546 979 723 1012 census
750 979 852 1011 non
880 962 955 1010 ius
989 961 1195 1010 civitatis
1224 962 1478 1010 confirmat
1509 949 1568 1009 ac
1598 969 1791 1009 tantum

144 1045 295 1093 modo
327 1043 511 1092 indicat
542 1059 670 1101 eum,
701 1041 785 1104 qui
817 1042 878 1090 sit
911 1058 1102 1100 census,
1133 1057 1184 1097 se
1213 1034 1310 1088 iam
1341 1050 1443 1089 tum
1474 1040 1678 1104 gessisse
1700 1057 1790 1107 pro

128 1123 762 1188 —cixLQ—eis—-thj-„ihnsjffi
789 1138 936 1185 quem
959 1132 1012 1171 tu
1039 1111 1306 1170 criminaris
1324 1138 1388 1170 ne
1415 1120 1566 1184 ipsius
1590 1122 1791 1185 quidem
1810 1136 1855 1160 s*

141 1202 322 1251 iudicio
351 1201 404 1250 in
434 1201 612 1250 civium
645 1203 983 1249 Romanorum
1010 1201 1112 1248 iure
1147 1215 1254 1249 esse
1284 1209 1542 1260 versatum,
1568 1209 1622 1249 et
1649 1209 1792 1249 testa-

141 1292 362 1331 mentum
413 1299 559 1345 saepe
608 1283 723 1332 fecit
771 1282 950 1331 nostris
1002 1281 1192 1344 legibus
1238 1290 1287 1330 et
1331 1281 1452 1330 adiit
1495 1280 1790 1330 hereditates

76 1376 120 1415 15
142 1361 321 1409 civium
361 1362 698 1409 Romanorum
739 1370 788 1410 et
833 1361 884 1409 in
923 1360 1176 1410 beneficiis
1211 1362 1277 1409 ad
1321 1360 1555 1409 aerarium
1601 1361 1789 1410 delatus

141 1448 215 1488 est
248 1456 279 1487 a
310 1442 365 1488 L.
401 1441 607 1488 Lucullo
635 1456 724 1502 pro
755 1441 969 1488 consule.
1043 1440 1238 1500 Quaere
1266 1449 1564 1502 argumenta,
1589 1439 1630 1488 si
1661 1456 1788 1502 quae

138 1527 310 1582 potes;
355 1534 625 1580 numquam
673 1518 805 1567 enim
844 1517 926 1566 hic
970 1534 1130 1581 neque
1178 1533 1266 1576 suo
1311 1533 1472 1580 neque
1517 1518 1786 1567 amicorum

137 1598 322 1657 iudicio
343 1599 628 1648 revincetur.
653 1631 721 1691 >c

238 1682 327 1730 VI.
401 1681 620 1741 Quaeres
665 1698 696 1729 a
740 1618 900 1742 miliia
948 1679 1100 1740 Grati,
1148 1696 1236 1728 cur
1291 1688 1430 1728 tanto
1487 1695 1635 1742 opere
1690 1680 1787 1728 hoc
1808 1680 1868 1727 12

70 1774 122 1802 ἰο
138 1758 339 1808 homine
374 1759 687 1808 delectemur.
760 1760 889 1821 Quia
923 1759 1204 1823 suppeditat
1231 1758 1375 1807 nobis
1398 1749 1486 1807 ubi
1515 1767 1565 1807 et
1595 1757 1787 1808 animus

140 1839 544 1894 ex·‚hoc·forensi
570 1839 780 1902 strepitu
814 1840 1055 1888 reficiatur
1077 1849 1126 1888 et
1149 1856 1289 1888 aures
1313 1839 1536 1890 convicio
1570 1839 1787 1888 defessae

140 1919 506 1982 conquiescant.
581 1922 663 1969 An
698 1931 751 1970 tu
787 1920 1033 1970 existimas
1067 1929 1150 1969 aut
1185 1928 1442 1982 suppetere
1474 1918 1618 1967 nobis
1640 1935 1786 1982 posse

138 2001 272 2061 quod
295 2000 496 2049 cottidie
520 2000 743 2050 dicamus
777 2000 829 2049 in
863 2010 1000 2049 tanta
1021 2001 1253 2049 varietate
1280 2001 1454 2074 rerum,
1479 1998 1573 2047 nisi
1595 1999 1785 2047 animos

137 2085 331 2127 nostros
365 2078 589 2128 doctrina
623 2082 917 2139 excolamuS,
943 2089 1028 2129 aut
1061 2082 1184 2129 ferre
1217 2079 1408 2128 animos
1432 2087 1617 2128 tantam
1639 2095 1787 2143 posse

68 2173 116 2211 25
138 2157 521 2219 contentionem,
561 2158 657 2208 nisi
684 2175 784 2215 ,eos
821 2159 1062 2209 doctrina·
1082 2160 1257 2208 eadem
1300 2160 1609 2208 relaxemus?
1675 2160 1785 2222 Ego

134 2254 251 2287 vero
285 2240 440 2288 fateor
471 2255 552 2302 m‚e
584 2239 660 2288 his
695 2239 867 2301 studiis
891 2255 998 2288 esse
1022 2239 1275 2298 deditum:
1308 2247 1498 2287 ceteros
1519 2239 1717 2301 pudeat,
1744 2239 1785 2287 si

135 2317 220 2380 qui
245 2316 313 2367 ita
336 2334 388 2381 se
410 2317 582 2367 litteris
604 2318 912 2378 abdiderunt,
929 2328 986 2383 ut·
1006 2318 1125 2379 nihil
1151 2318 1340 2381 possint
1364 2335 1424 2367 ex
1448 2319 1518 2367 eis
1541 2335 1701 2382 neque
1719 2321 1783 2368 ad

133 2413 447 2447 communem
487 2399 656 2447 afferre
688 2388 1093 2460 fructum'neque
1127 2398 1179 2446 in
1223 2408 1477 2462 aspectum
1522 2400 1783 2460 lucemque

135 2480 374 2540 proferre:
409 2496 489 2528 me
526 2489 691 2528 autem
730 2480 850 2543 quid
890 2480 1087 2542 pudeat,
1127 2479 1211 2542 qui
1229 2487 1322 2528 'tot
1357 2495 1514 2528 annos
1553 2479 1621 2528 ita
1653 2480 1780 2540 vivo,

65 2577 117 2617 30
134 2558 332 2620 iudices,
356 2569 412 2609 ut
443 2576 475 2608 a
501 2560 681 2608 nullius
704 2576 936 2622 umquam
949 2548 1040 2608 'me
1062 2569 1283 2623 tempore
1304 2569 1389 2609 aut
1410 2560 1676 2616 commodo
1697 2569 1783 2608 aut

134 2638 288 2687 otium
321 2655 488 2688 meum
522 2639 806 2688 abstraxerit
839 2648 925 2688 aut
957 2641 1181 2702 voluptas
1215 2640 1429 2688 avocarit
1462 2650 1545 2688 aut
1568 2639 1780 2704 denique

133 2733 334 2766 somnus
372 2719 660 2768 retardarit?
745 2721 910 2780 Quare
951 2719 1060 2782 quis
1100 2722 1301 2770 tandem
1340 2738 1420 2769 me
1456 2721 1779 2782 reprehendat
1805 2725 1863 2773 13

131 2803 219 2844 aut
241 2793 345 2858 quis
371 2795 491 2846 mihi
511 2795 615 2847 iure
639 2806 934 2858 suscenseat,
958 2798 999 2847 si
1022 2807 1261 2861 quantum
1285 2798 1456 2848 ceteris
1479 2799 1544 2848 ad
1568 2814 1678 2848 suas
1700 2816 1778 2850 res

2021 2869 2037 2997 --Ιο--ςἡ
2025 2842 2030 2861 ,.
