2050 3158
251 122 309 169 30
668 101 811 150 PRO
855 97 1140 147 ARCHIA
1188 95 1445 146 POETA.
1713 95 1781 165 [X
1807 108 1865 155 23

244 225 447 272 quorum
481 210 621 257 rebus
655 205 885 262 scribitur,
910 205 1031 269 haec
1064 203 1227 265 ampla
1259 210 1385 262 sunt,
1410 210 1513 250 tum
1531 200 1599 252 eis
1618 209 1760 262 certe,
1786 216 1870 263 qui

246 290 308 338 de
331 288 426 337 vita
447 288 791 351 gloriae-causa
813 284 1058 340 dimicant,
1078 283 1174 344 hoc
1190 281 1453 339 maximum
1479 290 1527 329 et
1548 278 1870 343 periculorum

165 368 225 415 24
245 366 605 422 incitamentum
643 374 715 414 est
760 373 807 412 et
850 363 1083 411 laborum.
1178 361 1340 421 Quam
1386 361 1566 408 multos
1613 358 1870 421 scriptores

244 462 399 495 rerum
436 461 622 494 suarum
658 458 871 504 magnus·
892 440 985 488 ille·
1004 440 1282 488 Alexander
1305 454 1469 487 secum
1500 437 1726 486 habuisse
1757 437 1873 485 dici·

245 529 348 572 tur!
399 525 558 585 Atque
598 522 638 570 is
683 531 858 579 tamen,
898 534 1011 567 cum
1047 518 1098 566 in
1137 518 1282 580 Sigeo
1317 517 1870 567 ad-Achilli·tumulum
1919 532 1941 573 5

244 601 516 659 adstitisset,
557 617 588 649 o
622 601 860 648 fortunate
895 596 1052 659 inquit
1082 596 1386 656 adulescens,
1422 594 1508 660 qui
1541 605 1652 644 tuae
1686 594 1872 643 virtutis

249 684 522 733 Homerum,
549 694 835 743 praeconem
870 675 1140 725 inveneris!
1208 677 1274 724 Et
1306 691 1447 725 vere:
1481 691 1596 723 nam
1629 674 1722 722 nisi
1757 675 1874 739 Ilias

245 742 326 807 illa
360 759 627 819 exstitisset,
665 759 795 806 idern
832 757 1058 816 tumulus,
1097 755 1182 817 qui
1218 771 1395 818 corpus
1436 755 1538 803 eius
1577 763 1872 816 contexerat,

244 856 423 889 nomen
459 840 602 887 etiam
647 837 894 887 obruisset.
981 835 1150 897 Quid?
1187 838 1365 886 Noster
1403 835 1483 884 hic
1520 837 1746 899 MagnuS,
1788 835 1872 898 qui

244 936 353 968 cum
378 921 545 968 virtute
569 921 807 967 fortunam
831 915 1135 979 adaequavit,
1160 933 1326 965 nonne
1349 917 1689 978 Theophanen
1729 917 1873 979 Mity-
1896 934 1945 973 ιο

243 1001 478 1058 lenaeum,
522 998 801 1061 scriptorem
846 1012 1003 1044 rerum
1044 1012 1250 1055 suarum,
1299 995 1372 1043 in?
1390 995 1644 1044 contione·
1665 995 1872 1044 militum

243 1078 665 1141 civitate-donavit,
691 1086 738 1126 et
761 1077 910 1126 nostri
934 1076 1002 1124 illi
1025 1078 1172 1125 fortes
1189 1075 1290 1135 viri,
1312 1076 1398 1124 sed
1421 1075 1584 1124 rustici
1603 1091 1661 1124 ac
1679 1075 1872 1134 milites,

243 1158 496 1207 dulcedine
535 1159 744 1221 quadarn
784 1157 964 1219 gloriae
1003 1157 1250 1215 commoti,
1288 1155 1428 1219 quasi
1461 1156 1718 1219 participes
1753 1156 1875 1206 eius-

161 1243 219 1289 25
241 1238 353 1286 dem
388 1237 554 1296 laudis,
579 1253 754 1306 magno
788 1237 907 1298 illud
943 1238 1153 1298 clamore
1186 1238 1614 1299 adprobaverunt?
1680 1238 1870 1300 Itaque,

242 1318 403 1376 credo,
441 1317 480 1366 si
514 1317 916 1379 civisRomanus
949 1317 1152 1377 Archias
1186 1317 1374 1380 legibus
1407 1333 1512 1366 non
1544 1325 1684 1377 esset,
1721 1328 1774 1366 ut
1806 1319 1870 1366 ab
1897 1335 1942 1372 15

241 1394 402 1456 aliquo
442 1383 727 1457 imperatore
763 1395 958 1444 civitate
995 1396 1271 1455 donaretur,
1295 1397 1527 1458 perficere
1559 1411 1662 1443 non
1696 1396 1869 1458 potuit.

163 1496 165 1500 ·
241 1475 370 1523 Sulla
392 1491 502 1522 cum
529 1475 778 1537 Hispanos
801 1484 849 1525 et
868 1477 1034 1524 Gallos
1053 1477 1268 1535 donaret,
1288 1477 1450 1536 credo,
1469 1477 1871 1539 hunc-petentem
1893 1491 1899 1514 τ

240 1553 565 1615 repudiasset:
599 1570 743 1617 quem
766 1571 856 1613 nos
879 1555 931 1603 in
954 1555 1185 1604 contione
1207 1555 1432 1615 vidimus,
1448 1572 1561 1604 cum
1583 1556 1629 1605 ei
1651 1556 1870 1606 libellum

240 1635 560 1696 maluspoeta
581 1635 644 1682 de
666 1636 849 1697 populo
873 1634 1171 1694 subiecisset,
1197 1636 1333 1696 quod
1357 1635 1651 1702 epigramma
1673 1635 1738 1683 in.
1755 1652 1869 1694 eum
1897 1623 1900 1633 ’

238 1712 426 1761 fecisset
464 1722 651 1761 tantum
684 1714 834 1762 modo
868 1714 1061 1763 alternis
1094 1709 1945 1780 versibus‘lofig‘l‘u‘sculis‘s'statim¹20

239 1807 298 1839 ex
331 1791 387 1840 iis
420 1794 573 1851 rebus,
601 1803 720 1855 quas
744 1802 848 1842 tum
870 1794 1130 1854 vendebat,
1154 1794 1322 1843 iubere
1346 1795 1391 1843 ei
1413 1795 1682 1858 praemium
1706 1782 1882 1856 tribuis·

238 1871 323 1918 sed
347 1886 405 1919 ea
426 1871 725 1931 condicione,
744 1889 806 1920 ne
825 1873 942 1935 quid
959 1882 1130 1936 postea
1147 1873 1387 1923 scriberet.
1443 1874 1543 1935 Qui
1561 1875 1869 1933 sedulitatem

237 1947 351 1996 mali
388 1958 559 2010 poetae
596 1950 782 1999 duxerit
818 1952 997 2014 aliquo·
1021 1961 1201 2000 tamen·
1224 1951 1441 2015 praemio
1480 1939 1691 2015 dignam,
1728 1955 1870 2006 huius

238 2027 481 2090 ingenium
505 2037 552 2077 et
568 2028 789 2078 virtutem
812 2030 863 2079 in
887 2031 1143 2080 scribendo
1167 2040 1216 2080 et
1240 2047 1433 2094 cop1am
1450 2050 1552 2082 non
1574 2034 1871 2097 expetisset?
1895 2037 1988 2073 ‘f-
2031 2048 2050 2074 ’-

154 2108 214 2155 26
240 2104 408 2165 Quid?
436 2107 482 2152 A
522 2107 581 2166 Q.
627 2109 828 2157 Metello
870 2109 974 2168 Pio,
1011 2109 1382 2159 familiarissimo
1420 2127 1524 2172 suo,
1550 2112 1634 2174 qui
1674 2113 1869 2163 civitate
1893 2137 1940 2176 25

237 2186 414 2243 multos
444 2186 652 2245 donavit,
692 2204 851 2251 neque
884 2206 972 2252 per
1005 2206 1057 2239 se
1091 2206 1252 2253 neque
1285 2206 1374 2253 per
1396 2193 1626 2241 Lucullos
1647 2191 1870 2256 impetra-

235 2260 394 2321 visset,
463 2263 543 2325 qui
583 2267 859 2326 praesertim
894 2284 1049 2331 usque
1090 2285 1151 2318 eo
1191 2270 1253 2318 de
1290 2269 1389 2319 suis
1427 2272 1572 2320 rebus
1608 2271 1754 2320 scribi
1789 2288 1869 2322 cu·

233 2350 384 2403 peret,
408 2351 460 2389 ut
501 2342 645 2391 etiam
682 2346 941 2399 Cordubae
974 2348 1102 2398 natis
1134 2348 1307 2412 poetis,
1331 2350 1513 2414 pingue
1536 2350 1770 2414 quiddam
1794 2369 1870 2403 so-

233 2419 458 2468 nantibus
481 2430 624 2483 atque
647 2425 961 2487 peregrinum,
987 2435 1152 2476 tamen
1173 2428 1302 2477 auris
1326 2445 1436 2477 suas
1460 2429 1685 2479 dederit?

60 2500 167 2555 s
330 2500 420 2548 XI.
492 2502 666 2564 Neque
702 2504 831 2552 enim
865 2515 938 2554 est
970 2507 1066 2556 hoc
1095 2506 1512 2569 dissimulandum,
1537 2509 1671 2571 quod
1695 2511 1867 2560 obscu-
1895 2534 1948 2575 30

0 2740 124 2766 “fl’‘

0 2779 122 2868 L

232 2576 323 2625 rari
356 2593 458 2626 non
491 2588 663 2641 potest,
690 2583 775 2630 sed
808 2599 921 2644 prae
955 2585 1098 2634 nobis
1121 2587 1404 2636 serendum.
1438 2587 1670 2637 trahimur
1691 2604 1864 2651 omnes
1902 2639 1909 2644 ,

234 2654 412 2705 studio
429 2657 584 2706 laudis
620 2668 668 2707 et
705 2660 946 2722 optimus
928 2665 1168 2728 quisque
1208 2682 1418 2716 maxime
1462 2667 1616 2730 gloria
1654 2668 1861 2723 ducitur.

237 2733 335 2797 Ipsi
370 2734 438 2784 illi
472 2736 746 2802 philosophi
781 2739 925 2789 etiam
970 2742 1019 2791 in
1054 2744 1123 2793 eis
1167 2745 1355 2807 libellis,
1393 2761 1518 2809 quos
1552 2747 1615 2796 de
1649 2757 1863 2821 contemf
