2050 3158
243 163 304 206 24
665 147 813 196 PRO
856 145 1142 195 ARCHIA
1189 143 1448 194 POETA.
1732 140 1882 209 [IV8

201 258 440 383 &esst
502 255 822 305 Heracliaene
872 270 978 303 esse
1027 263 1081 302 tu
1132 269 1245 302 eum
1295 250 1593 315 adscriptum
1645 249 1971 340 negabisij(

326 343 399 383 est
431 334 500 382 vir
533 332 1039 382 summa-auctoritate
1076 340 1126 380 et
1170 331 1402 393 religione
1437 340 1485 379 et
1519 331 1631 390 fide,
1674 331 1746 378 M.
1787 331 1883 378 Lu·

243 416 412 474 cullus,
450 413 533 476 qui
578 430 629 462 se
673 429 793 462 non-
815 412 1002 474 opinari
1048 413 1135 459 sed
1181 411 1316 470 scire,
1356 426 1459 459 non
1504 408 1746 458 audivisse
1791 409 1880 458 sed

241 492 432 551 vidisse,
479 508 579 540 non
632 490 900 539 interfuisse
946 491 1034 538 sed
1079 489 1233 552 egisse
1278 488 1409 538 dicit.
1485 490 1679 554 Adsunt
1725 489 1881 536 Hera-

241 569 627 633 cliensesdegati,
652 568 936 618 nobilissimi
967 568 1205 630 homines,
1232 568 1575 617 huius-iudici·
1592 585 1738 617 causa
1765 585 1877 617 cum
1899 586 1920 627 5

242 649 479 699 mandatis
515 658 563 698 et
602 664 712 696 cum
757 648 955 710 publico
999 646 1280 695 testimonio
1319 656 1571 707 venerunt,
1615 647 1701 710 qui
1745 649 1877 697 hunc

239 729 533 791 adscriptum
560 727 926 776 Heracliensem
958 726 1140 775 dicunt.
1215 726 1316 774 Hic
1339 734 1391 774 tu
1415 728 1604 784 tabulas
1628 727 1877 777 desideras

243 808 628 856 Heracliensium
668 806 899 869 publicas,
935 822 1057 868 quas
1104 806 1278 855 Italico
1300 807 1454 855 -bello
1500 806 1880 856 incenso-tabu·

240 886 358 935 lario
397 885 614 934 interisse
651 885 828 933 scimus
869 901 1053 946 omnes.
1095 880 1105 889 ’
1141 887 1230 933 Est
1268 885 1524 933 ridiculum
1559 887 1625 935 ad
1659 902 1718 935 ea
1751 903 1876 950 quae

239 967 472 1015 habemus
495 965 809 1025 nihil-dicere,
835 963 1075 1026 requirere
1100 980 1227 1026 quae
1250 965 1429 1013 habere
1460 981 1564 1013 non
1596 981 1873 1028 possumuS,
1900 990 1949 1018 10

239 1056 287 1095 et
314 1045 669 1095 dehominum-
687 1043 921 1093 memoria]
953 1051 1124 1117 tagere,
1150 1043 1415 1093 litterarum
1438 1045 1724 1103 memoriam
1746 1046 1877 1109 flagi-

237 1135 336 1174 tare
345 1144 359 1187 ;
393 1134 442 1174 et
475 1140 585 1173 cum
616 1125 795 1173 habeas
826 1112 1219 1185 amplissimiwiri
1249 1123 1548 1193 religionem,
1582 1124 1877 1192 integerrimi

235 1205 468 1270 municipi
501 1197 865 1272 iusdurandum
899 1205 1157 1267 fidemque,
1195 1222 1253 1272 ea
1293 1222 1418 1269 quae
1455 1208 1706 1281 deprayari
1738 1209 1888 1260 nullo·

235 1287 385 1335 modo
429 1294 632 1349 possunt
675 1283 941 1347 repudiare,
985 1286 1175 1347 tabulas
1194 1277 1336 1347 -ouas
1356 1285 1504 1334 'idem
1548 1278 1670 1335 dicis
1716 1290 1873 1339 solere

184 1369 212 1415 9
236 1363 475 1426 corrumpi
512 1362 835 1412 desiderare?
864 1365 945 1410 An
973 1351 1286 1412 domicilium
1303 1366 1495 1414 Romae
1529 1370 1631 1415 noh
1666 1366 1872 1417 habuit?
1895 1389 1941 1428 ¹5

235 1443 398 1510 Is·qui
422 1443 655 1493 tot-annis
683 1451 796 1491 ante
820 1441 1063 1490 civitatem
1089 1444 1253 1491 datam
1277 1445 1447 1502 sedem
1469 1444 1690 1494 omnium
1711 1461 1871 1495 rerum

229 1540 288 1571 ac
331 1525 626 1572 fortunarum
672 1538 861 1570 suarum
885 1523 1103 1595 ,Romae
1150 1524 1463 1573 conlocavit?
1533 1515 1615 1573 An
1659 1536 1871 1577 nonest

18 1632 160 1702 ma(
229 1603 504 1663 professus?
562 1603 722 1649 Immo
744 1617 859 1663 vero
884 1596 1153 1650 eistabulis
1183 1599 1428 1665 professus
1463 1612 1550 1664 est,
1575 1620 1703 1667 quae
1736 1608 1869 1657 solae

66 1714 186 1760 δύ
231 1699 290 1731 ex
328 1682 409 1729 illa
442 1682 739 1744 professione
783 1681 1086 1744 collegioque
1166 1692 1408 1732 raetorum
1449 1686 1672 1748 optinent
1711 1689 1869 1751 publi-

230 1763 681 1809 carum-tabularum
704 1761 1055 1809 auctoritatem.
1226 1766 1357 1812 Nam
1381 1781 1492 1813 cum
1515 1767 1651 1830 Appi
1673 1771 1865 1829 tabulae
1889 1792 1940 1820 20

228 1839 559 1901 neglegentius
603 1840 883 1888 adservatae
923 1840 1214 1902 dicerentur,
1258 1843 1438 1892 Gabini
1483 1838 1757 1907 quamdiu
1796 1849 1868 1898 in-

227 1919 430 1977 columis
474 1919 562 1967 fuit
597 1910 777 1979 levitas}
814 1930 927 1983 post
966 1922 1330 1972 damnationem
1369 1926 1619 1990 calamitas
1664 1945 1864 1980 omnem

223 2000 495 2047 tabularum
539 2001 686 2048 fidem
724 2000 1025 2063 resignasset,
1064 2005 1500 2055 Metellus-homo·
1534 2008 1879 2060 sanctissimus

215 2078 703 2142 modestissimusque
738 2080 955 2129 omnium
1000 2083 1154 2130 tanta'·
1179 2082 1429 2146 diligentia
1460 2085 1564 2147 fuit,
1606 2097 1661 2138 ut
1693 2090 1757 2139 ad
1802 2092 1859 2139 L.

223 2158 483 2206 Lentulum
514 2167 782 2220 praetorem
815 2168 863 2207 et
889 2160 954 2207 ad
987 2159 1171 2210 iudices
1199 2163 1383 2211 venerit
1411 2173 1460 2213 et
1482 2166 1627 2216 unius
1648 2169 1861 2219 nominis
1883 2183 1931 2223 25

219 2234 361 2283 litura
394 2251 462 2284 se·
481 2245 796 2292 commotum·
815 2253 918 2285 esse
953 2237 1140 2287 dixerit.
1213 2239 1309 2288 His
1345 2240 1489 2302 igitur
1519 2245 1696 2294 tabulis
1727 2248 1862 2295 nulla

142 2316 201 2363 10
221 2314 270 2362 in
302 2315 441 2362 litura
470 2330 651 2363 nomen
685 2317 743 2362 A.
771 2315 927 2363 Licini
950 2316 1135 2383 yidetis.
1208 2311 1347 2379 Quae
1379 2335 1491 2368 cum
1514 2321 1582 2371 ita
1603 2322 1714 2384 sint,
1739 2326 1860 2387 quid

223 2403 296 2443 est
334 2395 468 2457 quod
502 2395 585 2443 de·
604 2394 730 2443 eius-
753 2395 947 2444 civitate
988 2396 1235 2458 dubitetis,
1271 2401 1551 2460 praesertim
1596 2419 1708 2451 cum
1752 2405 1875 2455 aliis·

204 2473 503 2537 -quoque-in
522 2474 810 2523 civitatibus
844 2475 984 2524 fuerit
1014 2477 1324 2540 adscriptus?
1392 2481 1588 2530 Etenim
1618 2499 1731 2532 cum
1761 2501 1884 2535 me·-

222 2553 467 2601 diocribus
499 2553 667 2625 multis
697 2563 746 2602 et
779 2563 863 2602 aut
898 2556 1032 2602 nulla
1070 2565 1156 2604 aut
1191 2557 1365 2606 humili
1395 2558 1559 2622 aliq'ua
1589 2561 1692 2611 arte
1723 2579 1858 2636 prae-
1880 2577 1934 2617 30

222 2632 333 2680 ditis
378 2632 623 2708 civitatem
660 2632 723 2681 in·
744 2634 947 2682 Graecia
977 2635 1210 2686 -homines
1243 2637 1597 2700 impertiebant,
1637 2643 1857 2706 Reginos

221 2712 367 2759 credo
397 2719 480 2758 aut
507 2710 763 2759 Locrensis
793 2721 879 2760 aut
909 2714 1263 2775 Neapolitanos
1287 2725 1371 2765 aut
1393 2718 1695 2780 Tarentinos
1721 2724 1856 2784 quod

221 2790 451 2839 scaenicis
483 2790 745 2840 artificibus
779 2791 938 2856 largiri
972 2794 1208 2855 solebant,
1238 2795 1294 2844 -id
1328 2796 1443 2847 huic
1467 2798 1658 2849 summa
1690 2794 1854 2865 ingeni
