2050 3158
238 162 296 208 28
658 154 805 204 PRO
848 151 1133 202 ARCHIA
1179 147 1440 199 POETA.
1535 153 1540 159 '
1620 144 1770 210 [VIII
1801 144 1859 192 18

240 259 400 308 dicere
444 257 751 308 commutatis
796 255 954 306 verbis
998 264 1144 318 atque
1189 251 1470 302 sententiis!
1560 251 1700 311 Quae
1745 264 1862 297 vero

240 346 460 386 accurate
494 336 796 399 cogitateque
830 333 1108 397 scripsisset,
1146 348 1205 381 ea
1235 331 1306 379 sic
1337 329 1437 379 vidi
1469 326 1685 391 probari,¹
1710 335 1766 375 ut
1798 327 1862 374 ad

240 426 451 465 veterum
475 415 755 477 scriptorum
778 414 973 462 laudem
996 410 1278 475 perveniret.
1349 412 1500 458 Hunc
1522 423 1613 471 ego
1635 422 1736 455 non
1759 404 1863 458 dili-

239 511 362 557 gam,
417 511 514 543 non
535 493 755 550 admirer,
806 508 906 541 non
923 491 1056 541 omni
1074 490 1261 539 ratione
1278 489 1639 539 defendendum
1661 494 1827 548 putem
1840 487 1864 534 ?

240 575 400 634 Atque
435 572 504 620 sic
537 588 567 620 a
599 570 797 619 summis
819 569 1098 618 hominibus
1122 567 1548 629 eruditissimisque
1571 565 1860 628 accepimus,
1885 583 1908 622 5

240 662 501 699 ceterarum
540 665 696 699 rerum
736 648 896 696 studia
925 663 985 695 ex
1015 646 1236 695 doctrina
1275 654 1324 694 et
1361 644 1631 708 praeceptis
1670 653 1719 693 et
1763 652 1865 692 arte

239 739 472 798 QOAEWQ
498 738 692 792 poetam
714 726 891 775 natura
907 727 1012 789 ipsa
1033 728 1192 775 valere
1216 734 1263 774 et
1286 725 1462 773 mentis
1477 724 1655 773 viribus
1671 722 1867 773 excitari

240 818 289 857 et
321 809 456 871 quasi
487 808 651 857 divino
673 808 887 870 quodam
911 806 1078 869 spiritu
1102 805 1267 853 inflari.
1339 806 1500 866 Quare
1523 822 1612 854 suo
1634 805 1737 853 iure
1759 821 1869 854 nos-

240 887 620 936 teraeilleaEnnius
643 896 836 948 sanctos
869 887 1082 949 appellat
1115 894 1297 948 poetas,
1323 886 1457 947 quod
1478 884 1630 947 ‘quasi
1665 886 1864 934 deorum

244 965 406 1027 aliquo
432 967 563 1014 dono
586 975 732 1027 atque
755 981 955 1013 munere
973 963 1299 1012 commendati
1318 963 1458 1012 nobis
1477 979 1581 1012 esse
1596 962 1863 1021 videantur.
1892 982 1942 1010 ιο

87 1068 89 1071 ·
161 1047 219 1094 19
242 1044 311 1093 Sit
334 1043 488 1106 igitur,
508 1043 701 1103 iudiceS,
723 1053 942 1092 sanctum
965 1043 1095 1105 apud
1111 1059 1213 1103 vos,
1234 1041 1608 1091 humanissimos
1628 1041 1866 1101 homines,

238 1124 333 1171 hoc
369 1132 543 1186 poetae
576 1140 771 1183 nomen,
807 1124 938 1186 quod
974 1124 1107 1186 nulla
1138 1139 1370 1185 umquam
1403 1122 1625 1186 barbaria
1655 1121 1865 1172 violavit.

237 1203 361 1250 Saxa
395 1212 443 1266 et
461 1203 758 1251 ⁴solitudines
779 1201 889 1251 voci
922 1201 1230 1264 respondent,
1256 1201 1440 1258 bestiae
1463 1217 1610 1263 saepe
1631 1200 1870 1256 immanes

237 1291 382 1330 cantu
405 1283 658 1343 flectuntur
679 1292 824 1344 atque
847 1281 1145 1330 consistunt:
1178 1279 1656 1342 nos-institutirebus
1665 1279 1869 1343 optimis

237 1376 337 1409 non
380 1371 631 1423 poetarum
676 1378 797 1410 voce
853 1363 1168 1410 moveamur?
1252 1363 1527 1410 Homerum
1572 1361 1868 1424 Colophonii
1895 1380 1940 1420 ¹5

237 1439 391 1488 civem
428 1457 532 1489 esse
569 1440 737 1489 dicunt
782 1457 936 1500 suurn,
978 1440 1088 1490 Chii
1126 1457 1267 1489 suum
1311 1440 1574 1499 vindicant,
1622 1438 1869 1489 Salaminii

237 1528 473 1581 repetunt,
498 1519 748 1583 Smyrnaei
769 1536 888 1568 vero
913 1536 1055 1569 suum
1080 1537 1187 1569 esse
1209 1515 1512 1581 confirmant,
1539 1521 1704 1583 itaque
1727 1522 1872 1571 etiam

237 1601 492 1664 delubrum
527 1600 638 1649 eius·
663 1599 936 1663 in·oppido
970 1599 1346 1663 dedicaverunt;
1379 1617 1443 1663 pe
1591 1599 1603 1609 ‘
1638 1599 1720 1649 alii
1741 1617 1877 1663 prae·

261 1695 369 1727 erea
404 1689 622 1742 pugnant
658 1679 784 1729 inter
818 1696 881 1734 se,
910 1689 1059 1743 atque
1098 1602 1606 1770 contendunt-⁸&
1624 1679 1874 1749 Erg9‚.il.li

69 1791 130 1809 s·
154 1775 201 1785 -··
240 1756 465 1816 alienum,
491 1758 604 1819 quia
636 1767 785 1821 poeta
816 1760 918 1819 fuit,
944 1767 1057 1822 post
1089 1767 1295 1807 mortem
1319 1757 1465 1806 etiam
1488 1751 1748 1821 expetunt:
1781 1774 1872 1807 nos
1893 1779 1944 1807 20

239 1837 370 1885 hunc
387 1837 562 1897 vivom,
580 1838 664 1900 qui
687 1848 735 1887 et
757 1841 1007 1888 voluntate
1032 1848 1080 1888 et
1101 1838 1289 1902 legibus
1309 1847 1478 1886 noster
1500 1846 1586 1897 est,
1604 1837 1876 1900 repudiabi-

4 1928 53 1964 τ’
87 1938 89 1942 ’
126 1911 140 1934 '²
239 1930 359 1970 mus,
412 1916 689 1978 praesertim
724 1933 834 1965 curn
869 1934 1015 1966 omne
1050 1916 1167 1966 olim
1201 1917 1414 1965 studium
1447 1925 1593 1979 atque
1627 1932 1776 1965 omne
1804 1914 1876 1964 in-

238 1994 432 2055 genium
467 1995 720 2044 contulerit
752 1996 955 2045 Archias
993 1997 1056 2045 ad
1093 1994 1263 2059 populi
1297 1995 1509 2044 Romani
1542 1994 1744 2057 gloriam
1773 1996 1875 2043 lau-

240 2074 449 2136 demque
487 2066 864 2127 celebrandam?
913 2078 1043 2124 Nam
1084 2085 1133 2124 et
1170 2075 1548 2126 Cimbricas-res
1587 2075 1873 2138 adulescens
1903 2130 1910 2135 ,

240 2152 396 2214 attigit
429 2162 478 2201 et
511 2153 602 2216 ipsi
635 2154 702 2202 illi
739 2156 793 2204 C.
821 2155 994 2214 Mario,
1019 2154 1103 2218 qui
1137 2153 1301 2203 durior
1332 2155 1541 2202 adhaec
1563 2153 1724 2202 studia
1744 2154 1873 2203 vide—
1893 2176 1942 2214 25

157 2234 218 2282 20
241 2232 393 2291 batur,
418 2231 658 2282 iucundus
692 2234 792 2282 fuit.
864 2236 1040 2297 Neque
1076 2233 1207 2282 enim
1242 2233 1502 2296 quisquam
1526 2242 1599 2282 est
1620 2242 1720 2282 tam
1743 2249 1874 2282 aver-

242 2325 323 2358 sus
361 2325 391 2357 a
430 2310 586 2359 Musis
631 2311 715 2374 qui
747 2329 850 2361 non
881 2311 1102 2362 mandari
1134 2313 1354 2361 versibus
1387 2322 1639 2372 aeternum
1676 2328 1871 2361 suorum

238 2388 460 2436 laborum
494 2390 806 2451 praeconium
839 2392 979 2440 facile
1012 2391 1233 2454 patiatur.
1301 2390 1669 2440 Themistoclen
1704 2391 1868 2458 illum,

239 2482 482 2534 {131an
519 2468 722 2517 Athenis
755 2470 923 2530 virum,
949 2470 1127 2519 dixisse
1161 2470 1310 2530 aiunt,
1341 2486 1454 2518 cum
1489 2486 1550 2518 ex
1582 2485 1643 2518 eo
1677 2486 1873 2533 quaere·

238 2555 379 2617 retur,
359 2548 538 2625 quod
571 2564 795 2597 acroama
827 2559 912 2598 aut
945 2549 1083 2598 cuius
1105 2566 1278 2599 vocem
1311 2549 1628 2599 libentissime
1650 2550 1870 2609 audiret.
1891 2576 1942 2615 30

240 2624 386 2689 eius,
394 2641 426 2674 a
458 2642 557 2697 quo
591 2643 697 2688 sua
709 2627 856 2693 virtus
891 2628 1087 2695 optime
1109 2631 1480 2718 praedicaretur.
1560 2630 1750 2693 Itaque
1789 2632 1871 2682 ille

241 2687 424 2754 Marius
447 2705 563 2756 item
586 2694 760 2757 eximie
783 2710 838 2758 L.
859 2709 1071 2757 Plotium
1094 2709 1274 2766 dilexit,
1291 2709 1427 2758 cuius
1449 2709 1645 2772 ingenio
1667 2713 1872 2774 putabat

6 2833 43 2877 Ι
159 2792 214 2839 21
240 2799 320 2833 ea
333 2801 474 2847 quae·
490 2795 700 2849 gesserat
733 2803 877 2851 posse
911 2789 1153 2838 celebrari.
1226 2788 1610 2838 Mithridaticum
1633 2806 1747 2840 vero
1769 2791 1870 2840 bel-

0 2874 1310 2932 m2·„-W,Qa.nm
