2050 3158
164 103 271 150 ΧΠ
297 99 382 167 30]
587 102 739 151 PRO
781 102 1071 151 ARCHIA
1118 103 1383 153 POETA.
1749 118 1808 164 31

162 209 327 257 nenda
359 207 512 271 gloria
545 208 776 269 scribunt,
800 225 1005 258 nomen·
1018 226 1160 259 suum
1194 208 1494 258 inscribunt:
1530 207 1581 256 in
1604 224 1665 257 eo
1689 207 1813 271 ipsc,

162 287 213 336 in
237 304 336 350 quo
360 287 775 354 praedicationem
798 289 1206 352 nobilitatemque
1230 288 1520 352 despiciunt,
1545 287 1814 351 praedicari

163 370 227 419 de
261 386 315 418 se
348 386 406 417 ac
440 367 683 417 nominari
704 369 888 417 volunt.
962 369 1200 421 Decimus
1234 369 1434 432 quidem
1470 370 1660 426 Brutus,
1686 383 1814 415 sum·
1834 367 1896 414 27

162 463 271 496 mus
294 447 366 495 vir
399 455 449 496 et
481 446 758 509 imperator,
781 446 899 506 Atti,
927 446 1208 496 amicissimi
1243 447 1332 508 sui,
1366 446 1661 496 carminibus
1697 455 1815 495 tem-

118 547 140 587 5
161 527 355 589 plorum
388 542 448 575 ac
480 536 908 576 monumentorum
943 528 1104 592 aditus
1139 527 1390 577 exornavit
1423 544 1632 576 suorum.
1704 529 1813 576 Iam

160 620 276 653 vero
314 605 408 664 ille,
448 605 532 668 qui
569 621 680 653 cum
722 607 910 654 Aetolis
948 606 1325 659 Ennio-comite
1360 607 1573 667 bellavit,
1599 605 1812 667 Fulvius,

160 701 263 733 non
283 685 531 750 'dubitavit
566 685 740 735 Martis
759 686 1030 735 -manubias
1066 686 1225 735 Musis
1258 698 1558 736 consecrare.
1631 688 1811 748 Quare,

161 765 214 813 in
248 781 346 828 qua
379 766 500 814 urbe
533 765 1244 829 imperatores-prope·armati
1277 774 1532 829 poetarum
1556 782 1740 815 nomen
1763 775 1814 814 et

163 849 414 895 Musarum
440 848 644 895 delubra
666 848 935 905 coluerunt,
961 846 1012 894 in
1037 863 1097 895 ea
1118 837 1222 895 non
1243 847 1428 895 debent
1450 845 1612 909 togati,
1627 845 1813 895 iudices

91 951 142 980 ιο
162 943 194 975 a
217 928 473 975 Musarum
496 927 683 975 honore
707 935 756 976 et
779 943 809 974 a
830 936 1086 989 poetarum
1110 928 1267 976 salute
1290 887 1856 1012 abhorrereLf-l

262 1011 428 1071 Atque
467 1018 522 1058 ut
559 1009 613 1068 id
651 1008 883 1059 libentius
922 1008 1122 1069 faciatis,
1163 1008 1262 1057 iam
1301 1026 1381 1058 me
1416 1008 1572 1068 vobis,
1611 1006 1810 1068 iudices,
1833 1008 1895 1055 28

163 1082 395 1134 indicabo
434 1095 482 1134 et
515 1086 579 1134 de
613 1102 726 1134 meo
761 1086 980 1148 quodam
1011 1102 1177 1134 amore
1210 1085 1409 1148 gloriae,
1433 1084 1578 1133 nimis
1601 1083 1702 1133 acri
1722 1086 1815 1133 for·
1842 1119 1872 1150 s

163 1174 307 1225 tasse,
338 1183 505 1214 verum
546 1176 712 1216 tamen
745 1168 969 1226 honesto,
1004 1167 1144 1216 vobis
1178 1167 1463 1216 confitebor.
1524 1169 1661 1215 Nam
1691 1183 1812 1230 quas

162 1260 239 1303 res
261 1260 353 1306 nos
377 1244 434 1308 in
452 1246 716 1294 consulatu·
734 1255 903 1295 nostro
924 1245 1180 1294 vobiscum
1203 1245 1348 1294 simul
1368 1262 1458 1308 pro
1482 1247 1637 1294 salute
1670 1247 1813 1295 huius

96 1345 140 1385 ¹5
162 1324 295 1373 urbis
323 1334 474 1388 atque
506 1325 679 1388 imperi
714 1335 763 1374 et
795 1342 885 1389 pro
918 1325 1019 1374 vita
1051 1321 1230 1374 civium
1263 1323 1450 1388 p‘roque
1494 1325 1718 1374 universa
1760 1342 1813 1375 re

161 1405 361 1468 publica
397 1406 650 1469 gessimus,
676 1406 834 1469 attigit
867 1405 948 1454 hic
970 1406 1189 1455 versibus
1224 1410 1371 1469 atque
1398 1405 1674 1456 incohavit:
1710 1405 1814 1469 qui-

160 1486 254 1534 bus
286 1484 479 1546 auditis,
504 1486 639 1549 quod
672 1486 791 1534 mihi
825 1502 1002 1549 magna
1034 1502 1111 1534 res
1135 1494 1183 1534 et
1206 1484 1420 1533 iucunda
1442 1485 1546 1533 visa
1568 1493 1659 1547 est3
1680 1486 1814 1534 hunc

162 1566 227 1614 ad
259 1566 611 1629 perficiendum
645 1567 929 1615 adhortatus
963 1582 1084 1614 sum.
1156 1567 1204 1614 N
1208 1565 1472 1618 ullaeenim
1495 1564 1645 1627 virtus
1665 1565 1813 1626 aliam
1851 1553 1856 1557 ⁸

163 1648 441 1706 mercedem
474 1648 699 1696 laborum
731 1646 1158 1710 periculorumque
1193 1645 1438 1694 desiderat
1470 1654 1663 1708 praeter
1682 1646 1812 1694 hanc

181 1723 323 1777 audis
360 1735 410 1775 et
446 1725 660 1789 gloriae:
708 1742 806 1788 qua
840 1725 1041 1788 quidem
1077 1725 1308 1784 detracta,
1344 1724 1545 1783 iudices,
1581 1720 1706 1787 quid
1736 1734 1812 1774 est

7 1721 300 1867 ‘guod
333 1803 516 1869 in,th
548 1795 650 1854 tarn
685 1805 859 1867 exiguo
883 1790 1014 1853 vitzi'e
1047 1803 1285 1872 curriculo
1310 1811 1359 1852 et
1382 1812 1482 1851 tam
1504 1802 1640 1852 brevi
1663 1803 1812 1851 ta’ntis

162 1885 329 1933 nos-in
350 1885 599 1937 laboribus
623 1886 971 1934 exerceamus?
1040 1886 1201 1942 Certe,
1226 1884 1266 1933 si
1299 1883 1420 1932 nihil
1452 1883 1644 1932 animus
1676 1899 1811 1947 prae·
1832 1890 1893 1938 29

163 1964 363 2014 sentiret
395 1964 448 2013 in
480 1974 730 2028 posterum
765 1958 827 2014 et*
848 1964 902 2024 si,
928 1964 1105 2028 quibus
1138 1964 1416 2027 regionibus
1436 1962 1566 2012 vitae
1599 1963 1810 2026 spatium

163 2044 579 2108 circumscriptum
623 2054 712 2104 est,
750 2044 908 2094 isdem
948 2044 1108 2094 omnis
1127 2069 1149 2081 ··
1166 2037 1486 2108 cogitationes
1531 2043 1812 2095 terminaret

91 2134 140 2185 2'5
163 2138 288 2184 suaS,
306 2139 402 2172 nec
423 2124 569 2188 tantis
593 2140 647 2186 se
668 2125 915 2188 laboribus
937 2125 1178 2188 frangeret
1195 2139 1357 2187 neque
1379 2131 1454 2172 tot
1476 2122 1603 2172 curis
1619 2122 1812 2186 vigiliis-

162 2219 260 2266 que
283 2214 538 2268 angeretur
559 2221 723 2268 neque
751 2205 931 2254 totiens
958 2203 1288 2268 de'ipsa‘vita
1318 2203 1584 2254 dimicaret.
1658 2206 1808 2253 Nunc

160 2281 342 2332 insidet
379 2283 625 2350 quaedam
664 2284 728 2331 in·
750 2283 951 2346 optimo·
975 2299 1175 2346 quoque
1196 2282 1360 2347 virtus,
1385 2299 1512 2346 quae
1545 2291 1719 2332 noctes
1751 2299 1810 2331 ac
1847 2338 1851 2342 .

132 2351 266 2412 ‘dies
298 2364 518 2428 animum
551 2363 750 2427 gloriae⁴
767 2364 974 2413 stimulis
1008 2363 1224 2412 concitat
1255 2372 1404 2426 atque
1433 2363 1682 2422 admonet,
1707 2380 1810 2412 non

161 2458 275 2490 cum
308 2442 437 2492 vitae
482 2453 702 2507 tempore
747 2459 855 2492 esse
901 2442 1246 2491 dimittendam
1291 2441 1810 2491 commemorationem

89 2548 142 2588 ³0
161 2521 372 2571 nominis
415 2523 582 2582 nostri,
630 2523 718 2571 sed
764 2539 877 2571 cum
922 2522 1058 2571 omni
1102 2520 1384 2585 posteritate
1419 2521 1805 2584 adaequandam.

158 2603 288 2651 XII.
353 2606 436 2652 An
458 2620 574 2652 vero
609 2613 711 2653 tam
744 2603 879 2667 parvi
912 2601 1064 2651 animi
1085 2601 1339 2651 videamur
1371 2616 1478 2650 esse
1512 2615 1696 2660 omneS,
1722 2600 1808 2663 qui
1829 2606 1891 2655 30

165 2680 213 2732 in
246 2698 298 2731 re
320 2682 518 2746 publica
539 2693 685 2746 atque
709 2683 762 2734 in
783 2683 859 2732 his
880 2682 1010 2732 vitae
1031 2682 1259 2747 periculis
1282 2682 1630 2744 laboribusque
1652 2697 1809 2730 versa·

161 2779 281 2823 mur,
305 2772 373 2822 ut,
397 2779 511 2813 cum
545 2780 702 2828 usque
734 2764 800 2813 ad
834 2772 1105 2814 extremum
1137 2762 1347 2826 spatium
1369 2763 1555 2810 nullum
1579 2762 1832 2824 tranquil··
