2050 3158
158 129 207 177 x
234 125 318 194 23]
582 125 732 175 PRO
774 125 1065 175 ARCHIA
1112 124 1375 174 POETA.
1743 142 1804 188 29

157 236 274 296 lum,
322 249 553 297 magnum
592 242 740 296 atque
780 232 976 307 difficile
1017 241 1066 282 et
1109 231 1186 281 in·
1206 234 1362 281 multa
1379 260 1386 267 ·
1405 232 1637 282 varietate
1682 241 1808 282 terra

156 314 377 378 marique
412 322 668 374 versatum,
694 322 852 363 totum
886 316 951 363 ab
985 315 1084 363 hoc
1118 330 1397 378 expressum
1432 323 1533 364 est:
1579 315 1664 377 qui
1686 316 1808 364 ,libri

156 412 259 445 non
292 396 445 445 modo
480 397 535 444 L.
563 396 837 456 Lucullum,
861 395 1176 445 fortissimum
1212 404 1261 444 et
1295 395 1613 445 clarissimum
1635 397 1810 458 virum,

157 491 326 527 verum
366 474 512 524 etiam
549 474 721 538 populi
760 474 978 523 Romani
1022 490 1205 534 nornen
1251 473 1520 524 inlustrant.
1593 478 1809 540 Populus

111 567 134 606 5
160 554 290 602 enim
330 555 586 603 Romanus
625 554 813 616 aperuit
850 556 905 603 L.
949 554 1460 617 Lucullo-imperante
1497 557 1725 615 Pontum,
1762 565 1811 604 et

156 634 311 699 regiis-
333 636 604 698 quondam·
620 634 796 698 opibus
831 644 880 684 et
914 634 1021 698 ipsa
1053 633 1234 684 natura.
1258 644 1308 684 et
1328 626 1528 698 regione
1551 637 1810 686 vallatum:

157 713 327 777 populi
365 713 584 762 Romani
620 713 857 763 exercitus
894 715 1071 763 eodem
1107 715 1234 764 duce
1267 715 1809 763 non-maxima·manu

159 794 551 843 innumerabilis·
571 793 928 843 Armeniorum·
963 795 1131 858 copias
1177 793 1330 856 fudit3
1379 795 1549 857 populi
1595 793 1812 843 Romani

158 874 263 922 laus
297 883 384 933 est,
410 875 597 923 urbem·
613 873 1336 936 amicissimam-Cyzicenorum
1360 874 1582 923 eiusdem
1605 873 1812 923 consilio

92 978 139 1006 ιο
161 970 222 1002 ex
260 954 396 1003 omni
431 954 618 1018 impetu
654 954 788 1019 regio
823 963 970 1017 atque
1006 972 1033 1004 e
1067 953 1216 1003 totius
1250 954 1368 1003 belli
1402 937 1813 1003 oms
1842 936 1895 1009 ⁸}—

160 1043 378 1097 ereptam
424 1050 531 1085 esse
570 1043 719 1097 atque
765 1019 1004 1082 servatam
1022 1053 1035 1095 ;
1092 1043 1258 1103 nostra
1303 1050 1499 1096 semper
1540 1035 1720 1082 feretur
1763 1040 1813 1081 et
1841 1051 1882 1105 *i*
1959 1058 1962 1063 ’

160 1115 520 1178 praedicabitur
543 1117 598 1163 L.
626 1116 834 1164 Lucullo
858 1115 1133 1173 dimicante,
1161 1102 1274 1163 cum
1308 1091 1813 1162 interfectss-ffircibus

161 1195 393 1258 depressa
431 1194 647 1244 hostium
686 1194 863 1243 elassis
892 1203 979 1254 est,
1027 1193 1326 1255 incredibilis
1372 1193 1505 1256 apud
1550 1193 1814 1242 Tenedum

162 1291 335 1342 pugna
348 1275 439 1324 illa·
454 1275 639 1324 navalis
654 1291 670 1335 3
703 1284 871 1323 nostra
893 1283 1008 1324 sunt
1041 1283 1255 1336 tropaea,
1278 1282 1447 1323 nostra
1479 1282 1812 1333 monumenta,

94 1374 139 1413 ¹5
162 1355 316 1404 nostri
355 1355 619 1419 triumphi:
677 1371 804 1418 quae
842 1353 1294 1418 quorum-ingeniis
1332 1356 1608 1413 efferuntur,
1645 1354 1710 1402 ab
1746 1353 1815 1402 eis

162 1436 333 1499 populi
357 1436 572 1485 Romani
595 1438 727 1500 fagna
749 1436 1032 1504 celebratur.
1095 1437 1248 1485 Carus
1269 1434 1358 1483 fuit
1380 1434 1611 1484 Africano
1639 1434 1900 1497 superi-,22

165 1516 237 1566 ori
254 1526 421 1566 noster
439 1515 643 1576 Ennius,
663 1515 828 1579 itaque
848 1515 995 1563 etiam
1034 1532 1070 1563 n
1090 1515 1348 1577 sepulchro
1371 1513 1655 1577 Scipionum
1677 1522 1818 1576 puta-

164 1606 242 1646 tur
258 1596 298 1646 is
317 1613 424 1646 esse
447 1597 1116 1667 OQ&
1149 1603 1201 1643 at
1223 1594 1294 1644 eis
1317 1595 1690 1644 laudibuscerte
1712 1611 1815 1644 non

167 1678 327 1726 solum
359 1677 479 1740 ipse,
505 1676 591 1740 qui
625 1676 868 1734 laudatur,
895 1676 982 1724 sed
1018 1674 1164 1724 etiam
1198 1673 1368 1737 populi
1392 1673 1608 1723 Romani
1630 1690 1815 1724 nomen

94 1773 145 1800 20
166 1766 376 1807 ornatur.
447 1759 510 1804 In
546 1758 737 1804 caelum
773 1755 1325 1818 huius-proavus,Cato
1359 1754 1575 1804 tollitur:
1610 1771 1816 1818 magnus

165 1838 326 1899 honos
364 1836 536 1900 populi
572 1835 789 1885 Romani
828 1836 974 1883 rebus
1010 1834 1301 1898 adiungitur.
1374 1836 1815 1900 Omnes·denique

166 1915 236 1964 illi
256 1916 476 1977 Maximi,
495 1915 731 1975 Marcelli,
754 1913 913 1963 Fulvii
936 1930 1039 1963 non
1063 1913 1173 1973 sine,
1193 1913 1444 1979 communi
1466 1913 1687 1963 omniurn
1709 1930 1819 1964 nos-

167 1989 294 2044 trum
328 1997 474 2045 laude
510 1996 817 2044 decorantur.
860 1994 949 2043 VX.
1008 1996 1137 2057 Ergo
1172 1993 1324 2055 illum,
1350 1993 1435 2057 qui
1467 1995 1593 2058 haec
1624 1996 1820 2055 fecerat,
1890 2048 1893 2050 ,

168 2075 424 2124 Rudinum
458 2075 725 2135 hominem,
750 2072 1136 2134 maioresmostri
1159 2075 1209 2123 in
1234 2074 1482 2124 civitatem
1504 2084 1821 2139 receperunt:

95 2175 146 2216 25
167 2171 259 2205 nos
292 2157 426 2204 hunc
450 2155 836 2216 Heracliensem,
862 2155 1027 2203 multis
1051 2154 1325 2204 civitatibus
1348 2154 1630 2218 expetitum,
1655 2146 1707 2203 in
1730 2156 1824 2203 hac

167 2225 545 2300 autemiegibus
569 2236 903 2298 constitutum,
929 2238 993 2285 de
1015 2245 1184 2285 nostra
1205 2235 1399 2286 civitate
1423 2236 1654 2287 eiciemus
1671 2241 1695 2288 ?

269 2319 402 2366 Nam
436 2316 477 2365 si
495 2316 621 2382 'qujs
655 2316 895 2366 minorem
928 2316 1111 2380 gloriae
1145 2318 1353 2365 fructum
1376 2326 1516 2380 putat
1540 2333 1601 2366 ex
1624 2316 1823 2367 Graecis
1845 2317 1906 2364 23

167 2395 386 2446 versibus
421 2395 608 2465 percipi
646 2411 795 2459 quam
828 2412 890 2445 ex
923 2395 1125 2455 Latinis,
1160 2396 1478 2445 vehementer
1510 2404 1647 2457 errat,
1683 2413 1826 2460 prop-

169 2485 304 2526 terea
325 2477 460 2540 quod
485 2467 674 2526 Graeca
694 2477 921 2539 leguntur
942 2476 1004 2524 in·
1016 2475 1244 2525 omnibus
1258 2478 1337 2525 -fer
1384 2476 1629 2540 gentibuS,
1650 2477 1827 2526 Latina

102 2580 155 2621 30
173 2556 272 2606 suis
306 2557 499 2618 finibus,
538 2556 723 2621 exiguis
759 2573 891 2617 sane,
930 2556 1267 2607 continentur.·
1306 2558 1491 2619 »Quare
1530 2557 1572 2607 si
1607 2574 1684 2606 res
1722 2573 1823 2615 eae,

173 2651 297 2700 quas
340 2636 592 2700 gessimuS,
629 2636 762 2686 orbis
796 2645 951 2685 terrae
984 2635 1266 2699 regionibus
1302 2636 1611 2696 definiuntur,
1647 2651 1825 2699 cupere

174 2715 427 2777 debemuS‚
450 2732 552 2779 quo
586 2731 825 2765 manuum
858 2724 1134 2765 nostrarum
1169 2717 1268 2765 tela
1300 2716 1624 2779 pervenerint,
1649 2716 1826 2765 eodem

174 2792 378 2858 gloriam
415 2796 697 2859 famamque
731 2803 1000 2860 penetrare,
1042 2795 1177 2859 quod
1214 2811 1328 2844 cum
1368 2793 1485 2859 ipsis
1518 2794 1727 2859 populis,
1765 2796 1828 2845 de
